@article{mouse2011,
  title={The Beagle Boys for President},
  author={M. Mouse and D. Duck},
  journal={Journal of Applied Nonsense},
  volume={13},
  pages={123--134},
  doi={10.1234/s10000},
  year={2011},
}
